@article{Mace:2018vwq,
      author         = "Mace, Mark and Skokov, Vladimir V. and Tribedy, Prithwish
                        and Venugopalan, Raju",
      title          = "{Hierarchy of azimuthal anisotropy harmonics in
                        collisions of small systems from the Color Glass
                        Condensate}",
      year           = "2018",
      eprint         = "1805.09342",
      archivePrefix  = "arXiv",
      primaryClass   = "hep-ph",
      SLACcitation   = "%%CITATION = ARXIV:1805.09342;%%"
}
@article{Mace:2018yvl,
      author         = "Mace, Mark and Skokov, Vladimir V. and Tribedy, Prithwish
                        and Venugopalan, Raju",
      title          = "{Systematics of azimuthal anisotropy harmonics in
                        proton-nucleus collisions at the LHC from the Color Glass
                        Condensate}",
      year           = "2018",
      eprint         = "1807.00825",
      archivePrefix  = "arXiv",
      primaryClass   = "hep-ph",
      SLACcitation   = "%%CITATION = ARXIV:1807.00825;%%"
}
@article{Iancu:2004es,
      author         = "Iancu, E. and Mueller, A. H. and Munier, S.",
      title          = "{Universal behavior of QCD amplitudes at high energy from
                        general tools of statistical physics}",
      journal        = "Phys. Lett.",
      volume         = "B606",
      year           = "2005",
      pages          = "342-350",
      doi            = "10.1016/j.physletb.2004.12.009",
      eprint         = "hep-ph/0410018",
      archivePrefix  = "arXiv",
      primaryClass   = "hep-ph",
      reportNumber   = "SPHT-T04-124, CU-TP-1117, CPHT-RR-045-0804",
      SLACcitation   = "%%CITATION = HEP-PH/0410018;%%"
}
@article{Iancu:2007st,
      author         = "Iancu, Edmond and McLerran, Larry",
      title          = "{Liouville field theory for gluon saturation in QCD at
                        high energy}",
      journal        = "Nucl. Phys.",
      volume         = "A793",
      year           = "2007",
      pages          = "96-127",
      doi            = "10.1016/j.nuclphysa.2007.06.010",
      eprint         = "hep-ph/0701276",
      archivePrefix  = "arXiv",
      primaryClass   = "HEP-PH",
      reportNumber   = "SACLAY-T07-013, BNL-NT-07-10",
      SLACcitation   = "%%CITATION = HEP-PH/0701276;%%"
}
@article{Kharzeev:2001ev,
      author         = "Kharzeev, D. and Krasnitz, A. and Venugopalan, R.",
      title          = "{Anomalous chirality fluctuations in the initial stage of
                        heavy ion collisions and parity odd bubbles}",
      journal        = "Phys. Lett.",
      volume         = "B545",
      year           = "2002",
      pages          = "298-306",
      doi            = "10.1016/S0370-2693(02)02630-8",
      eprint         = "hep-ph/0109253",
      archivePrefix  = "arXiv",
      primaryClass   = "hep-ph",
      reportNumber   = "BNL-NT-01-24",
      SLACcitation   = "%%CITATION = HEP-PH/0109253;%%"
}
@article{Krasnitz:1998ns,
      author         = "Krasnitz, A. and Venugopalan, R.",
      title          = "{Nonperturbative computation of gluon minijet production
                        in nuclear collisions at very high-energies}",
      journal        = "Nucl. Phys.",
      volume         = "B557",
      year           = "1999",
      pages          = "237",
      doi            = "10.1016/S0550-3213(99)00366-1",
      eprint         = "hep-ph/9809433",
      archivePrefix  = "arXiv",
      primaryClass   = "hep-ph",
      reportNumber   = "NBI-98-21, UALG-TP-98-6",
      SLACcitation   = "%%CITATION = HEP-PH/9809433;%%"
}
@article{Marquet:2006xm,
      author         = "Marquet, C. and Soyez, G. and Xiao, Bo-Wen",
      title          = "{On the probability distribution of the stochastic
                        saturation scale in QCD}",
      journal        = "Phys. Lett.",
      volume         = "B639",
      year           = "2006",
      pages          = "635-641",
      doi            = "10.1016/j.physletb.2006.07.022",
      eprint         = "hep-ph/0606233",
      archivePrefix  = "arXiv",
      primaryClass   = "hep-ph",
      reportNumber   = "SPHT-T06-062, CU-TP-1150",
      SLACcitation   = "%%CITATION = HEP-PH/0606233;%%"
}
@article{Kovner:2018azs,
      author         = "Kovner, Alex and Skokov, Vladimir V.",
      title          = "{Bose enhancement, the Liouville effective action and the
                        high multiplicity tail in p-A collisions}",
      journal        = "Phys. Rev.",
      volume         = "D98",
      year           = "2018",
      number         = "1",
      pages          = "014004",
      doi            = "10.1103/PhysRevD.98.014004",
      eprint         = "1805.09296",
      archivePrefix  = "arXiv",
      primaryClass   = "hep-ph",
      reportNumber   = "CERN-TH-2018-101, RBRC-1281",
      SLACcitation   = "%%CITATION = ARXIV:1805.09296;%%"
}
@article{Loizides:2014vua,
      author         = "Loizides, C. and Nagle, J. and Steinberg, P.",
      title          = "{Improved version of the PHOBOS Glauber Monte Carlo}",
      journal        = "SoftwareX",
      volume         = "1-2",
      year           = "2015",
      pages          = "13-18",
      doi            = "10.1016/j.softx.2015.05.001",
      eprint         = "1408.2549",
      archivePrefix  = "arXiv",
      primaryClass   = "nucl-ex",
      SLACcitation   = "%%CITATION = ARXIV:1408.2549;%%"
}
@article{Gelis:2010nm,
      author         = "Gelis, Francois and Iancu, Edmond and Jalilian-Marian,
                        Jamal and Venugopalan, Raju",
      title          = "{The Color Glass Condensate}",
      journal        = "Ann. Rev. Nucl. Part. Sci.",
      volume         = "60",
      year           = "2010",
      pages          = "463-489",
      doi            = "10.1146/annurev.nucl.010909.083629",
      eprint         = "1002.0333",
      archivePrefix  = "arXiv",
      primaryClass   = "hep-ph",
      SLACcitation   = "%%CITATION = ARXIV:1002.0333;%%"
}


@article{Aidala:2018mcw,
      author         = "Aidala, C. and others",
      title          = "{Creating small circular, elliptical, and triangular
                        droplets of quark-gluon plasma}",
      collaboration  = "PHENIX",
      year           = "2018",
      eprint         = "1805.02973",
      archivePrefix  = "arXiv",
      primaryClass   = "nucl-ex",
      SLACcitation   = "%%CITATION = ARXIV:1805.02973;%%"
}


@article{Dusling:2017dqg,
      author         = "Dusling, Kevin and Mace, Mark and Venugopalan, Raju",
      title          = "{Multiparticle collectivity from initial state
                        correlations in high energy proton-nucleus collisions}",
      journal        = "Phys. Rev. Lett.",
      volume         = "120",
      year           = "2018",
      number         = "4",
      pages          = "042002",
      doi            = "10.1103/PhysRevLett.120.042002",
      eprint         = "1705.00745",
      archivePrefix  = "arXiv",
      primaryClass   = "hep-ph",
      SLACcitation   = "%%CITATION = ARXIV:1705.00745;%%"
}


@article{Dusling:2017aot,
      author         = "Dusling, Kevin and Mace, Mark and Venugopalan, Raju",
      title          = "{Parton model description of multiparticle azimuthal
                        correlations in $pA$ collisions}",
      journal        = "Phys. Rev.",
      volume         = "D97",
      year           = "2018",
      number         = "1",
      pages          = "016014",
      doi            = "10.1103/PhysRevD.97.016014",
      eprint         = "1706.06260",
      archivePrefix  = "arXiv",
      primaryClass   = "hep-ph",
      SLACcitation   = "%%CITATION = ARXIV:1706.06260;%%"
}


@article{Dusling:2018hsg,
      author         = "Dusling, K. and Mace, M. and Venugopalan, R.",
      title          = "{What does the matter created in high multiplicity
                        proton-nucleus collisions teach us about the 3-D structure
                        of the proton?}",
      booktitle      = "{Proceedings, QCD Evolution Workshop (QCD 2017): Newport
                        News, VA, USA, May 22-26, 2017}",
      journal        = "PoS",
      volume         = "QCDEV2017",
      year           = "2018",
      pages          = "039",
      eprint         = "1801.09704",
      archivePrefix  = "arXiv",
      primaryClass   = "hep-ph",
      SLACcitation   = "%%CITATION = ARXIV:1801.09704;%%"
}


@article{Kovchegov:1998bi,
      author         = "Kovchegov, Yuri V. and Mueller, Alfred H.",
      title          = "{Gluon production in current nucleus and nucleon -
                        nucleus collisions in a quasiclassical approximation}",
      journal        = "Nucl. Phys.",
      volume         = "B529",
      year           = "1998",
      pages          = "451-479",
      doi            = "10.1016/S0550-3213(98)00384-8",
      eprint         = "hep-ph/9802440",
      archivePrefix  = "arXiv",
      primaryClass   = "hep-ph",
      reportNumber   = "CU-TP-876",
      SLACcitation   = "%%CITATION = HEP-PH/9802440;%%"
}


@article{Dumitru:2001ux,
      author         = "Dumitru, Adrian and McLerran, Larry D.",
      title          = "{How protons shatter colored glass}",
      journal        = "Nucl. Phys.",
      volume         = "A700",
      year           = "2002",
      pages          = "492-508",
      doi            = "10.1016/S0375-9474(01)01301-X",
      eprint         = "hep-ph/0105268",
      archivePrefix  = "arXiv",
      primaryClass   = "hep-ph",
      reportNumber   = "CU-TP-1018, BNL-NT-01-10",
      SLACcitation   = "%%CITATION = HEP-PH/0105268;%%"
}


@article{Blaizot:2004wu,
      author         = "Blaizot, Jean Paul and Gelis, Francois and Venugopalan,
                        Raju",
      title          = "{High-energy pA collisions in the color glass condensate
                        approach. 1. Gluon production and the Cronin effect}",
      journal        = "Nucl. Phys.",
      volume         = "A743",
      year           = "2004",
      pages          = "13-56",
      doi            = "10.1016/j.nuclphysa.2004.07.005",
      eprint         = "hep-ph/0402256",
      archivePrefix  = "arXiv",
      primaryClass   = "hep-ph",
      SLACcitation   = "%%CITATION = HEP-PH/0402256;%%"
}


@article{Kovner:2012jm,
      author         = "Kovner, Alex and Lublinsky, Michael",
      title          = "{Angular and long range rapidity correlations in particle
                        production at high energy}",
      journal        = "Int. J. Mod. Phys.",
      volume         = "E22",
      year           = "2013",
      pages          = "1330001",
      doi            = "10.1142/S0218301313300014",
      eprint         = "1211.1928",
      archivePrefix  = "arXiv",
      primaryClass   = "hep-ph",
      SLACcitation   = "%%CITATION = ARXIV:1211.1928;%%"
}


@article{Kovchegov:2012nd,
      author         = "Kovchegov, Yuri V. and Wertepny, Douglas E.",
      title          = "{Long-Range Rapidity Correlations in Heavy-Light Ion
                        Collisions}",
      journal        = "Nucl. Phys.",
      volume         = "A906",
      year           = "2013",
      pages          = "50-83",
      doi            = "10.1016/j.nuclphysa.2013.03.006",
      eprint         = "1212.1195",
      archivePrefix  = "arXiv",
      primaryClass   = "hep-ph",
      SLACcitation   = "%%CITATION = ARXIV:1212.1195;%%"
}


@article{Dumitru:2008wn,
      author         = "Dumitru, Adrian and Gelis, Francois and McLerran, Larry
                        and Venugopalan, Raju",
      title          = "{Glasma flux tubes and the near side ridge phenomenon at
                        RHIC}",
      journal        = "Nucl. Phys.",
      volume         = "A810",
      year           = "2008",
      pages          = "91-108",
      doi            = "10.1016/j.nuclphysa.2008.06.012",
      eprint         = "0804.3858",
      archivePrefix  = "arXiv",
      primaryClass   = "hep-ph",
      reportNumber   = "CERN-PH-TH-2008-083",
      SLACcitation   = "%%CITATION = ARXIV:0804.3858;%%"
}


@article{Dumitru:2010iy,
      author         = "Dumitru, Adrian and Dusling, Kevin and Gelis, Francois
                        and Jalilian-Marian, Jamal and Lappi, Tuomas and
                        Venugopalan, Raju",
      title          = "{The Ridge in proton-proton collisions at the LHC}",
      journal        = "Phys. Lett.",
      volume         = "B697",
      year           = "2011",
      pages          = "21-25",
      doi            = "10.1016/j.physletb.2011.01.024",
      eprint         = "1009.5295",
      archivePrefix  = "arXiv",
      primaryClass   = "hep-ph",
      reportNumber   = "INT-PUB-10-051, BCCUNY-HEP-10-03, BNL-94103-2010-JA,
                        RBRC-858",
      SLACcitation   = "%%CITATION = ARXIV:1009.5295;%%"
}


@article{Dusling:2012cg,
      author         = "Dusling, Kevin and Venugopalan, Raju",
      title          = "{Evidence for BFKL and saturation dynamics from dihadron
                        spectra at the LHC}",
      journal        = "Phys. Rev.",
      volume         = "D87",
      year           = "2013",
      number         = "5",
      pages          = "051502",
      doi            = "10.1103/PhysRevD.87.051502",
      eprint         = "1210.3890",
      archivePrefix  = "arXiv",
      primaryClass   = "hep-ph",
      SLACcitation   = "%%CITATION = ARXIV:1210.3890;%%"
}


@article{Dusling:2012wy,
      author         = "Dusling, Kevin and Venugopalan, Raju",
      title          = "{Explanation of systematics of CMS p+Pb high multiplicity
                        di-hadron data at $\sqrt{s}_{\rm NN} = 5.02$ TeV}",
      journal        = "Phys. Rev.",
      volume         = "D87",
      year           = "2013",
      number         = "5",
      pages          = "054014",
      doi            = "10.1103/PhysRevD.87.054014",
      eprint         = "1211.3701",
      archivePrefix  = "arXiv",
      primaryClass   = "hep-ph",
      SLACcitation   = "%%CITATION = ARXIV:1211.3701;%%"
}


@article{Dusling:2013qoz,
      author         = "Dusling, Kevin and Venugopalan, Raju",
      title          = "{Comparison of the color glass condensate to dihadron
                        correlations in proton-proton and proton-nucleus
                        collisions}",
      journal        = "Phys. Rev.",
      volume         = "D87",
      year           = "2013",
      number         = "9",
      pages          = "094034",
      doi            = "10.1103/PhysRevD.87.094034",
      eprint         = "1302.7018",
      archivePrefix  = "arXiv",
      primaryClass   = "hep-ph",
      SLACcitation   = "%%CITATION = ARXIV:1302.7018;%%"
}


@article{Dusling:2015rja,
      author         = "Dusling, Kevin and Tribedy, Prithwish and Venugopalan,
                        Raju",
      title          = "{Energy dependence of the ridge in high multiplicity
                        proton-proton collisions}",
      journal        = "Phys. Rev.",
      volume         = "D93",
      year           = "2016",
      number         = "1",
      pages          = "014034",
      doi            = "10.1103/PhysRevD.93.014034",
      eprint         = "1509.04410",
      archivePrefix  = "arXiv",
      primaryClass   = "hep-ph",
      SLACcitation   = "%%CITATION = ARXIV:1509.04410;%%"
}


@article{Lappi:2009xa,
      author         = "Lappi, T. and Srednyak, S. and Venugopalan, R.",
      title          = "{Non-perturbative computation of double inclusive gluon
                        production in the Glasma}",
      journal        = "JHEP",
      volume         = "01",
      year           = "2010",
      pages          = "066",
      doi            = "10.1007/JHEP01(2010)066",
      eprint         = "0911.2068",
      archivePrefix  = "arXiv",
      primaryClass   = "hep-ph",
      SLACcitation   = "%%CITATION = ARXIV:0911.2068;%%"
}



%%% contains utf-8, see: https://inspirehep.net/info/faq/general#utf8
%%% add \usepackage[utf8]{inputenc} to your latex preamble

@article{Schenke:2015aqa,
      author         = "Schenke, Bjoern and Schlichting, Soeren and Venugopalan,
                        Raju",
      title          = "{Azimuthal anisotropies in p$+$Pb collisions from
                        classical Yang�Mills dynamics}",
      journal        = "Phys. Lett.",
      volume         = "B747",
      year           = "2015",
      pages          = "76-82",
      doi            = "10.1016/j.physletb.2015.05.051",
      eprint         = "1502.01331",
      archivePrefix  = "arXiv",
      primaryClass   = "hep-ph",
      SLACcitation   = "%%CITATION = ARXIV:1502.01331;%%"
}


@article{McLerran:2016snu,
      author         = "McLerran, Larry and Skokov, Vladimir",
      title          = "{Odd Azimuthal Anisotropy of the Glasma for pA
                        Scattering}",
      journal        = "Nucl. Phys.",
      volume         = "A959",
      year           = "2017",
      pages          = "83-101",
      doi            = "10.1016/j.nuclphysa.2016.12.011",
      eprint         = "1611.09870",
      archivePrefix  = "arXiv",
      primaryClass   = "hep-ph",
      reportNumber   = "INT-PUB-16-037",
      SLACcitation   = "%%CITATION = ARXIV:1611.09870;%%"
}


@article{Kovner:2016jfp,
      author         = "Kovner, Alex and Lublinsky, Michael and Skokov, Vladimir",
      title          = "{Exploring correlations in the CGC wave function: odd
                        azimuthal anisotropy}",
      journal        = "Phys. Rev.",
      volume         = "D96",
      year           = "2017",
      number         = "1",
      pages          = "016010",
      doi            = "10.1103/PhysRevD.96.016010",
      eprint         = "1612.07790",
      archivePrefix  = "arXiv",
      primaryClass   = "hep-ph",
      reportNumber   = "RBRC-1223",
      SLACcitation   = "%%CITATION = ARXIV:1612.07790;%%"
}


@article{Kovchegov:2018jun,
      author         = "Kovchegov, Yuri V. and Skokov, Vladimir V.",
      title          = "{How classical gluon fields generate odd azimuthal
                        harmonics for the two-gluon correlation function in
                        high-energy collisions}",
      journal        = "Phys. Rev.",
      volume         = "D97",
      year           = "2018",
      number         = "9",
      pages          = "094021",
      doi            = "10.1103/PhysRevD.97.094021",
      eprint         = "1802.08166",
      archivePrefix  = "arXiv",
      primaryClass   = "hep-ph",
      SLACcitation   = "%%CITATION = ARXIV:1802.08166;%%"
}


@article{McLerran:1993ni,
      author         = "McLerran, Larry D. and Venugopalan, Raju",
      title          = "{Computing quark and gluon distribution functions for
                        very large nuclei}",
      journal        = "Phys. Rev.",
      volume         = "D49",
      year           = "1994",
      pages          = "2233-2241",
      doi            = "10.1103/PhysRevD.49.2233",
      eprint         = "hep-ph/9309289",
      archivePrefix  = "arXiv",
      primaryClass   = "hep-ph",
      reportNumber   = "TPI-MINN-93-44-T, NUC-MINN-93-24-T, HEP-UMN-TH-1220-93",
      SLACcitation   = "%%CITATION = HEP-PH/9309289;%%"
}


@article{McLerran:1993ka,
      author         = "McLerran, Larry D. and Venugopalan, Raju",
      title          = "{Gluon distribution functions for very large nuclei at
                        small transverse momentum}",
      journal        = "Phys. Rev.",
      volume         = "D49",
      year           = "1994",
      pages          = "3352-3355",
      doi            = "10.1103/PhysRevD.49.3352",
      eprint         = "hep-ph/9311205",
      archivePrefix  = "arXiv",
      primaryClass   = "hep-ph",
      reportNumber   = "TPI-MINN-93-52-T, NUC-MINN-93-28-T, UMN-TH-1224-93",
      SLACcitation   = "%%CITATION = HEP-PH/9311205;%%"
}


@article{Dumitru:2011vk,
      author         = "Dumitru, Adrian and Jalilian-Marian, Jamal and Lappi,
                        Tuomas and Schenke, Bjoern and Venugopalan, Raju",
      title          = "{Renormalization group evolution of multi-gluon
                        correlators in high energy QCD}",
      journal        = "Phys. Lett.",
      volume         = "B706",
      year           = "2011",
      pages          = "219-224",
      doi            = "10.1016/j.physletb.2011.11.002",
      eprint         = "1108.4764",
      archivePrefix  = "arXiv",
      primaryClass   = "hep-ph",
      SLACcitation   = "%%CITATION = ARXIV:1108.4764;%%"
}


@article{Dusling:2009ni,
      author         = "Dusling, Kevin and Gelis, Francois and Lappi, Tuomas and
                        Venugopalan, Raju",
      title          = "{Long range two-particle rapidity correlations in A+A
                        collisions from high energy QCD evolution}",
      journal        = "Nucl. Phys.",
      volume         = "A836",
      year           = "2010",
      pages          = "159-182",
      doi            = "10.1016/j.nuclphysa.2009.12.044",
      eprint         = "0911.2720",
      archivePrefix  = "arXiv",
      primaryClass   = "hep-ph",
      SLACcitation   = "%%CITATION = ARXIV:0911.2720;%%"
}


@article{Schenke:2012wb,
      author         = "Schenke, Bjoern and Tribedy, Prithwish and Venugopalan,
                        Raju",
      title          = "{Fluctuating Glasma initial conditions and flow in heavy
                        ion collisions}",
      journal        = "Phys. Rev. Lett.",
      volume         = "108",
      year           = "2012",
      pages          = "252301",
      doi            = "10.1103/PhysRevLett.108.252301",
      eprint         = "1202.6646",
      archivePrefix  = "arXiv",
      primaryClass   = "nucl-th",
      SLACcitation   = "%%CITATION = ARXIV:1202.6646;%%"
}


@article{ATLAS:2018jht,
      author         = "{The ATLAS collaboration}",
      title          = "{Correlated long-range mixed-harmonic fluctuations in
                        $pp$, $p$+Pb and low-multiplicity Pb+Pb collisions with
                        the ATLAS detector}",
      journal   = "ATLAS-CONF-2018-012",
      organization   = "CERN",
      publisher      = "CERN",
      collaboration  = "ATLAS",
      address        = "Geneva",
      year           = "2018",
      reportNumber   = "ATLAS-CONF-2018-012",
      SLACcitation   = "%%CITATION = ATLAS-CONF-2018-012;%%"
}


@article{ATLAS-CONF-2018-012,
      author         = "{The ATLAS collaboration}",
      title          = "{Correlated long-range mixed-harmonic fluctuations in
                        $pp$, $p$+Pb and low-multiplicity Pb+Pb collisions with
                        the ATLAS detector}",
      journal   = "ATLAS-CONF-2018-012",
      organization   = "CERN",
      publisher      = "CERN",
      collaboration  = "ATLAS",
      address        = "Geneva",
      year           = "2018",
      reportNumber   = "ATLAS-CONF-2018-012",
      SLACcitation   = "%%CITATION = ATLAS-CONF-2018-012;%%"
}

@article{Chirilli:2015tea,
      author         = "Chirilli, Giovanni A. and Kovchegov, Yuri V. and
                        Wertepny, Douglas E.",
      title          = "{Classical Gluon Production Amplitude for Nucleus-Nucleus
                        Collisions: First Saturation Correction in the
                        Projectile}",
      journal        = "JHEP",
      volume         = "03",
      year           = "2015",
      pages          = "015",
      doi            = "10.1007/JHEP03(2015)015",
      eprint         = "1501.03106",
      archivePrefix  = "arXiv",
      primaryClass   = "hep-ph",
      SLACcitation   = "%%CITATION = ARXIV:1501.03106;%%"
}



%%% contains utf-8, see: https://inspirehep.net/info/faq/general#utf8
%%% add \usepackage[utf8]{inputenc} to your latex preamble

@article{Mantysaari:2017cni,
      author         = "Mantysaari, Heikki and Schenke, Bjoern and Shen, Chun
                        and Tribedy, Prithwish",
      title          = "{Imprints of fluctuating proton shapes on flow in
                        proton-lead collisions at the LHC}",
      journal        = "Phys. Lett.",
      volume         = "B772",
      year           = "2017",
      pages          = "681-686",
      doi            = "10.1016/j.physletb.2017.07.038",
      eprint         = "1705.03177",
      archivePrefix  = "arXiv",
      primaryClass   = "nucl-th",
      SLACcitation   = "%%CITATION = ARXIV:1705.03177;%%"
}


@article{Schenke:2013dpa,
      author         = "Schenke, Bjoern and Tribedy, Prithwish and Venugopalan,
                        Raju",
      title          = "{Multiplicity distributions in p+p, p+A and A+A
                        collisions from Yang-Mills dynamics}",
      journal        = "Phys. Rev.",
      volume         = "C89",
      year           = "2014",
      number         = "2",
      pages          = "024901",
      doi            = "10.1103/PhysRevC.89.024901",
      eprint         = "1311.3636",
      archivePrefix  = "arXiv",
      primaryClass   = "hep-ph",
      SLACcitation   = "%%CITATION = ARXIV:1311.3636;%%"
}
@article{Iancu:2001md,
      author         = "Iancu, Edmond and McLerran, Larry D.",
      title          = "{Saturation and universality in QCD at small x}",
      journal        = "Phys. Lett.",
      volume         = "B510",
      year           = "2001",
      pages          = "145-154",
      doi            = "10.1016/S0370-2693(01)00526-3",
      eprint         = "hep-ph/0103032",
      archivePrefix  = "arXiv",
      primaryClass   = "hep-ph",
      reportNumber   = "SACLAY-T01-026",
      SLACcitation   = "%%CITATION = HEP-PH/0103032;%%"
}
@article{Lappi:2007ku,
      author         = "Lappi, T.",
      title          = "{Wilson line correlator in the MV model: Relating the
                        glasma to deep inelastic scattering}",
      journal        = "Eur. Phys. J.",
      volume         = "C55",
      year           = "2008",
      pages          = "285-292",
      doi            = "10.1140/epjc/s10052-008-0588-4",
      eprint         = "0711.3039",
      archivePrefix  = "arXiv",
      primaryClass   = "hep-ph",
      SLACcitation   = "%%CITATION = ARXIV:0711.3039;%%"
}
@article{Schenke:2016lrs,
      author         = "Schenke, Bjoern and Schlichting, Soeren and Tribedy,
                        Prithwish and Venugopalan, Raju",
      title          = "{Mass ordering of spectra from fragmentation of saturated
                        gluon states in high multiplicity proton-proton
                        collisions}",
      journal        = "Phys. Rev. Lett.",
      volume         = "117",
      year           = "2016",
      number         = "16",
      pages          = "162301",
      doi            = "10.1103/PhysRevLett.117.162301",
      eprint         = "1607.02496",
      archivePrefix  = "arXiv",
      primaryClass   = "hep-ph",
      SLACcitation   = "%%CITATION = ARXIV:1607.02496;%%"
}

@article{Rezaeian:2012ji,
      author         = "Rezaeian, Amir H. and Siddikov, Marat and Van de
                        Klundert, Merijn and Venugopalan, Raju",
      title          = "{Analysis of combined HERA data in the Impact-Parameter
                        dependent Saturation model}",
      journal        = "Phys. Rev.",
      volume         = "D87",
      year           = "2013",
      number         = "3",
      pages          = "034002",
      doi            = "10.1103/PhysRevD.87.034002",
      eprint         = "1212.2974",
      archivePrefix  = "arXiv",
      primaryClass   = "hep-ph",
      SLACcitation   = "%%CITATION = ARXIV:1212.2974;%%"
}

@article{Gelis:2009wh,
      author         = "Gelis, F. and Lappi, T. and McLerran, L.",
      title          = "{Glittering Glasmas}",
      journal        = "Nucl. Phys.",
      volume         = "A828",
      year           = "2009",
      pages          = "149-160",
      doi            = "10.1016/j.nuclphysa.2009.07.004",
      eprint         = "0905.3234",
      archivePrefix  = "arXiv",
      primaryClass   = "hep-ph",
      SLACcitation   = "%%CITATION = ARXIV:0905.3234;%%"
}

@article{McLerran:2015qxa,
      author         = "McLerran, Larry and Tribedy, Prithwish",
      title          = "{Intrinsic Fluctuations of the Proton Saturation Momentum
                        Scale in High Multiplicity p+p Collisions}",
      journal        = "Nucl. Phys.",
      volume         = "A945",
      year           = "2016",
      pages          = "216-225",
      doi            = "10.1016/j.nuclphysa.2015.10.008",
      eprint         = "1508.03292",
      archivePrefix  = "arXiv",
      primaryClass   = "hep-ph",
      SLACcitation   = "%%CITATION = ARXIV:1508.03292;%%"
}


@article{Aaboud:2016jnr,
      author         = "Aaboud, Morad and others",
      title          = "{Measurement of forward-backward multiplicity
                        correlations in lead-lead, proton-lead, and proton-proton
                        collisions with the ATLAS detector}",
      collaboration  = "ATLAS",
      journal        = "Phys. Rev.",
      volume         = "C95",
      year           = "2017",
      number         = "6",
      pages          = "064914",
      doi            = "10.1103/PhysRevC.95.064914",
      eprint         = "1606.08170",
      archivePrefix  = "arXiv",
      primaryClass   = "hep-ex",
      reportNumber   = "CERN-EP-2016-124, CERN-PH-EP-2016-124",
      SLACcitation   = "%%CITATION = ARXIV:1606.08170;%%"
}


@article{Chatrchyan:2013nka,
      author         = "Chatrchyan, Serguei and others",
      title          = "{Multiplicity and transverse momentum dependence of two-
                        and four-particle correlations in pPb and PbPb
                        collisions}",
      collaboration  = "CMS",
      journal        = "Phys. Lett.",
      volume         = "B724",
      year           = "2013",
      pages          = "213-240",
      doi            = "10.1016/j.physletb.2013.06.028",
      eprint         = "1305.0609",
      archivePrefix  = "arXiv",
      primaryClass   = "nucl-ex",
      reportNumber   = "CMS-HIN-13-002, CERN-PH-EP-2013-077",
      SLACcitation   = "%%CITATION = ARXIV:1305.0609;%%"
}

@book{Press:2007:NRE:1403886,
 author = {Press, William H. and Teukolsky, Saul A. and Vetterling, William T. and Flannery, Brian P.},
 title = {Numerical Recipes 3rd Edition: The Art of Scientific Computing},
 year = {2007},
 isbn = {0521880688, 9780521880688},
 edition = {3},
 publisher = {Cambridge University Press},
 address = {New York, NY, USA},
} 


@article{Schenke:2014zha,
      author         = "Schenke, Bjoern and Venugopalan, Raju",
      title          = "{Eccentric protons? Sensitivity of flow to system size
                        and shape in p+p, p+Pb and Pb+Pb collisions}",
      journal        = "Phys. Rev. Lett.",
      volume         = "113",
      year           = "2014",
      pages          = "102301",
      doi            = "10.1103/PhysRevLett.113.102301",
      eprint         = "1405.3605",
      archivePrefix  = "arXiv",
      primaryClass   = "nucl-th",
      SLACcitation   = "%%CITATION = ARXIV:1405.3605;%%"
}



%%% contains utf-8, see: https://inspirehep.net/info/faq/general#utf8
%%% add \usepackage[utf8]{inputenc} to your latex preamble

@article{Gale:2012rq,
      author         = "Gale, Charles and Jeon, Sangyong and Schenke, Bjoern and
                        Tribedy, Prithwish and Venugopalan, Raju",
      title          = "{Event-by-event anisotropic flow in heavy-ion collisions
                        from combined Yang-Mills and viscous fluid dynamics}",
      journal        = "Phys. Rev. Lett.",
      volume         = "110",
      year           = "2013",
      number         = "1",
      pages          = "012302",
      doi            = "10.1103/PhysRevLett.110.012302",
      eprint         = "1209.6330",
      archivePrefix  = "arXiv",
      primaryClass   = "nucl-th",
      SLACcitation   = "%%CITATION = ARXIV:1209.6330;%%"
}


@article{Schenke:2010rr,
      author         = "Schenke, Bjorn and Jeon, Sangyong and Gale, Charles",
      title          = "{Elliptic and triangular flow in event-by-event (3+1)D
                        viscous hydrodynamics}",
      journal        = "Phys. Rev. Lett.",
      volume         = "106",
      year           = "2011",
      pages          = "042301",
      doi            = "10.1103/PhysRevLett.106.042301",
      eprint         = "1009.3244",
      archivePrefix  = "arXiv",
      primaryClass   = "hep-ph",
      SLACcitation   = "%%CITATION = ARXIV:1009.3244;%%"
}



%%% contains utf-8, see: https://inspirehep.net/info/faq/general#utf8
%%% add \usepackage[utf8]{inputenc} to your latex preamble

@article{Mantysaari:2016ykx,
      author         = "Mantysaari, Heikki and Schenke, Bjoern",
      title          = "{Evidence of strong proton shape fluctuations from
                        incoherent diffraction}",
      journal        = "Phys. Rev. Lett.",
      volume         = "117",
      year           = "2016",
      number         = "5",
      pages          = "052301",
      doi            = "10.1103/PhysRevLett.117.052301",
      eprint         = "1603.04349",
      archivePrefix  = "arXiv",
      primaryClass   = "hep-ph",
      SLACcitation   = "%%CITATION = ARXIV:1603.04349;%%"
}



%%% contains utf-8, see: https://inspirehep.net/info/faq/general#utf8
%%% add \usepackage[utf8]{inputenc} to your latex preamble

@article{Mantysaari:2016jaz,
      author         = "Mantysaari, Heikki and Schenke, Bjoern",
      title          = "{Revealing proton shape fluctuations with incoherent
                        diffraction at high energy}",
      journal        = "Phys. Rev.",
      volume         = "D94",
      year           = "2016",
      number         = "3",
      pages          = "034042",
      doi            = "10.1103/PhysRevD.94.034042",
      eprint         = "1607.01711",
      archivePrefix  = "arXiv",
      primaryClass   = "hep-ph",
      SLACcitation   = "%%CITATION = ARXIV:1607.01711;%%"
}



%%% contains utf-8, see: https://inspirehep.net/info/faq/general#utf8
%%% add \usepackage[utf8]{inputenc} to your latex preamble

@article{Basar:2013hea,
      author         = "Basar, Gokce and Teaney, Derek",
      title          = "{Scaling relation between pA and AA collisions}",
      journal        = "Phys. Rev.",
      volume         = "C90",
      year           = "2014",
      number         = "5",
      pages          = "054903",
      doi            = "10.1103/PhysRevC.90.054903",
      eprint         = "1312.6770",
      archivePrefix  = "arXiv",
      primaryClass   = "nucl-th",
      SLACcitation   = "%%CITATION = ARXIV:1312.6770;%%"
}

@article{Kowalski:2003hm,
      author         = "Kowalski, Henri and Teaney, Derek",
      title          = "{An Impact parameter dipole saturation model}",
      journal        = "Phys. Rev.",
      volume         = "D68",
      year           = "2003",
      pages          = "114005",
      doi            = "10.1103/PhysRevD.68.114005",
      eprint         = "hep-ph/0304189",
      archivePrefix  = "arXiv",
      primaryClass   = "hep-ph",
      SLACcitation   = "%%CITATION = HEP-PH/0304189;%%"
}


%%% contains utf-8, see: https://inspirehep.net/info/faq/general#utf8
%%% add \usepackage[utf8]{inputenc} to your latex preamble

@article{Greif:2017bnr,
      author         = "Greif, Moritz and Greiner, Carsten and Schenke, Bjoern
                        and Schlichting, Soeren and Xu, Zhe",
      title          = "{Importance of initial and final state effects for
                        azimuthal correlations in p+Pb collisions}",
      journal        = "Phys. Rev.",
      volume         = "D96",
      year           = "2017",
      number         = "9",
      pages          = "091504",
      doi            = "10.1103/PhysRevD.96.091504",
      eprint         = "1708.02076",
      archivePrefix  = "arXiv",
      primaryClass   = "hep-ph",
      SLACcitation   = "%%CITATION = ARXIV:1708.02076;%%"
}



%%% contains utf-8, see: https://inspirehep.net/info/faq/general#utf8
%%% add \usepackage[utf8]{inputenc} to your latex preamble

@article{Kurkela:2018vqr,
      author         = "Kurkela, Aleksi and Mazeliauskas, Aleksas and Paquet,
                        Jean-Francois and Schlichting, Soeren and Teaney, Derek",
      title          = "{Effective kinetic description of event-by-event
                        pre-equilibrium dynamics in high-energy heavy-ion
                        collisions}",
      year           = "2018",
      eprint         = "1805.00961",
      archivePrefix  = "arXiv",
      primaryClass   = "hep-ph",
      SLACcitation   = "%%CITATION = ARXIV:1805.00961;%%"
}


@article{Schenke:2012fw,
      author         = "Schenke, Bjoern and Tribedy, Prithwish and Venugopalan,
                        Raju",
      title          = "{Event-by-event gluon multiplicity, energy density, and
                        eccentricities in ultrarelativistic heavy-ion collisions}",
      journal        = "Phys. Rev.",
      volume         = "C86",
      year           = "2012",
      pages          = "034908",
      doi            = "10.1103/PhysRevC.86.034908",
      eprint         = "1206.6805",
      archivePrefix  = "arXiv",
      primaryClass   = "hep-ph",
      SLACcitation   = "%%CITATION = ARXIV:1206.6805;%%"
}





@article{Bjoern-Chun-Mark-Prithwish-Vladi-Raju,
      author         = "Mace, M. and  Schenke, B. and Shen, C. and Skokov, V. and Tribedy, P.  and  Venugopalan, R.",
      title          = "",
      journal        = "in progress",
      volume         = "",
      year           = "2018",
      pages          = "",
      doi            = "",
      SLACcitation   = ""
}


