
@unpublished{phemen2018,
      author         = "Mace, Mark and Skokov, Vladimir and Tribedy, Prithwish and Venugopalan, Raju",
	  note = "in progress"
}



@article{Dumitru:2016jku,
      author         = "Dumitru, Adrian and Skokov, Vladimir",
      title          = "{$cos(4\phi$) azimuthal anisotropy in small-$x$ DIS dijet
                        production beyond the leading power TMD limit}",
      journal        = "Phys. Rev.",
      volume         = "D94",
      year           = "2016",
      number         = "1",
      pages          = "014030",
      doi            = "10.1103/PhysRevD.94.014030",
      eprint         = "1605.02739",
      archivePrefix  = "arXiv",
      primaryClass   = "hep-ph",
      SLACcitation   = "%%CITATION = ARXIV:1605.02739;%%"
}


@article{Schenke:2015aqa,
      author         = "Schenke, Bj�rn and Schlichting, S�ren and Venugopalan,
                        Raju",
      title          = "{Azimuthal anisotropies in p$+$Pb collisions from
                        classical Yang�Mills dynamics}",
      journal        = "Phys. Lett.",
      volume         = "B747",
      year           = "2015",
      pages          = "76-82",
      doi            = "10.1016/j.physletb.2015.05.051",
      eprint         = "1502.01331",
      archivePrefix  = "arXiv",
      primaryClass   = "hep-ph",
      SLACcitation   = "%%CITATION = ARXIV:1502.01331;%%�
}


%@article{Schenke:2015aqa,
%      author         = "Schenke, Bj\"orn and Schlichting, S�ren and Venugopalan,
%                        Raju",
%      title          = "{Azimuthal anisotropies in p$+$Pb collisions from}",
%      journal        = "Phys. Lett.",
%      volume         = "B747",
%      year           = "2015",
%      pages          = "76-82",
%      doi            = "10.1016/j.physletb.2015.05.051",
%      eprint         = "1502.01331",
%      archivePrefix  = "arXiv",
%      primaryClass   = "hep-ph",
%      SLACcitation   = "%%CITATION = ARXIV:1502.01331;%%"
%}


@article{Aad:2014lta,
      author         = "Aad, Georges and others",
      title          = "{Measurement of long-range pseudorapidity correlations
                        and azimuthal harmonics in $\sqrt{s_{NN}}=5.02$ TeV
                        proton-lead collisions with the ATLAS detector}",
      collaboration  = "ATLAS",
      journal        = "Phys. Rev.",
      volume         = "C90",
      year           = "2014",
      number         = "4",
      pages          = "044906",
      doi            = "10.1103/PhysRevC.90.044906",
      eprint         = "1409.1792",
      archivePrefix  = "arXiv",
      primaryClass   = "hep-ex",
      reportNumber   = "CERN-PH-EP-2014-201",
      SLACcitation   = "%%CITATION = ARXIV:1409.1792;%%"
}

@article{Abelev:2012ola,
      author         = "Abelev, Betty and others",
      title          = "{Long-range angular correlations on the near and away
                        side in $p$-Pb collisions at $\sqrt{s_{NN}}=5.02$ TeV}",
      collaboration  = "ALICE",
      journal        = "Phys. Lett.",
      volume         = "B719",
      year           = "2013",
      pages          = "29-41",
      doi            = "10.1016/j.physletb.2013.01.012",
      eprint         = "1212.2001",
      archivePrefix  = "arXiv",
      primaryClass   = "nucl-ex",
      reportNumber   = "CERN-PH-EP-2012-359",
      SLACcitation   = "%%CITATION = ARXIV:1212.2001;%%"
}

@article{Chatrchyan:2013nka,
      author         = "Chatrchyan, Serguei and others",
      title          = "{Multiplicity and transverse momentum dependence of two-
                        and four-particle correlations in pPb and PbPb
                        collisions}",
      collaboration  = "CMS",
      journal        = "Phys. Lett.",
      volume         = "B724",
      year           = "2013",
      pages          = "213-240",
      doi            = "10.1016/j.physletb.2013.06.028",
      eprint         = "1305.0609",
      archivePrefix  = "arXiv",
      primaryClass   = "nucl-ex",
      reportNumber   = "CMS-HIN-13-002, CERN-PH-EP-2013-077",
      SLACcitation   = "%%CITATION = ARXIV:1305.0609;%%"
}

@article{Zhao:2017rgg,
      author         = "Zhao, Wenbin and Zhou, You and Xu, Hao-jie and Deng,
                        Weitian and Song, Huichao",
      title          = "{Hydrodynamic Collectivity in Proton--Proton Collisions
                        at 13 TeV}",
      year           = "2017",
      eprint         = "1801.00271",
      archivePrefix  = "arXiv",
      primaryClass   = "nucl-th",
      SLACcitation   = "%%CITATION = ARXIV:1801.00271;%%"
}


@article{Bozek:2011if,
      author         = "Bozek, Piotr",
      title          = "{Collective flow in p-Pb and d-Pd collisions at TeV
                        energies}",
      journal        = "Phys. Rev.",
      volume         = "C85",
      year           = "2012",
      pages          = "014911",
      doi            = "10.1103/PhysRevC.85.014911",
      eprint         = "1112.0915",
      archivePrefix  = "arXiv",
      primaryClass   = "hep-ph",
      SLACcitation   = "%%CITATION = ARXIV:1112.0915;%%"
}

@article{Shuryak:2013ke,
      author         = "Shuryak, Edward and Zahed, Ismail",
      title          = "{High-multiplicity pp and pA collisions: Hydrodynamics at
                        its edge}",
      journal        = "Phys. Rev.",
      volume         = "C88",
      year           = "2013",
      number         = "4",
      pages          = "044915",
      doi            = "10.1103/PhysRevC.88.044915",
      eprint         = "1301.4470",
      archivePrefix  = "arXiv",
      primaryClass   = "hep-ph",
      SLACcitation   = "%%CITATION = ARXIV:1301.4470;%%"
}
  
@article{Bozek:2013uha,
      author         = "Bozek, Piotr and Broniowski, Wojciech",
      title          = "{Collective dynamics in high-energy proton-nucleus
                        collisions}",
      journal        = "Phys. Rev.",
      volume         = "C88",
      year           = "2013",
      number         = "1",
      pages          = "014903",
      doi            = "10.1103/PhysRevC.88.014903",
      eprint         = "1304.3044",
      archivePrefix  = "arXiv",
      primaryClass   = "nucl-th",
      SLACcitation   = "%%CITATION = ARXIV:1304.3044;%%"
}


@article{Shen:2016zpp,
      author         = "Shen, Chun and Paquet, Jean-Fran�ois and Denicol,
                        Gabriel S. and Jeon, Sangyong and Gale, Charles",
      title          = "{Collectivity and electromagnetic radiation in small
                        systems}",
      journal        = "Phys. Rev.",
      volume         = "C95",
      year           = "2017",
      number         = "1",
      pages          = "014906",
      doi            = "10.1103/PhysRevC.95.014906",
      eprint         = "1609.02590",
      archivePrefix  = "arXiv",
      primaryClass   = "nucl-th",
      SLACcitation   = "%%CITATION = ARXIV:1609.02590;%%"
}


@article{Weller:2017tsr,
      author         = "Weller, Ryan D. and Romatschke, Paul",
      title          = "{One fluid to rule them all: viscous hydrodynamic
                        description of event-by-event central p+p, p+Pb and Pb+Pb
                        collisions at $\sqrt{s}=5.02$ TeV}",
      journal        = "Phys. Lett.",
      volume         = "B774",
      year           = "2017",
      pages          = "351-356",
      doi            = "10.1016/j.physletb.2017.09.077",
      eprint         = "1701.07145",
      archivePrefix  = "arXiv",
      primaryClass   = "nucl-th",
      SLACcitation   = "%%CITATION = ARXIV:1701.07145;%%"
}

@article{Song:2017wtw,
      author         = "Song, Huichao and Zhou, You and Gajdosova, Katarina",
      title          = "{Collective flow and hydrodynamics in large and small
                        systems at the LHC}",
      journal        = "Nucl. Sci. Tech.",
      volume         = "28",
      year           = "2017",
      number         = "7",
      pages          = "99",
      doi            = "10.1007/s41365-017-0245-4",
      eprint         = "1703.00670",
      archivePrefix  = "arXiv",
      primaryClass   = "nucl-th",
      SLACcitation   = "%%CITATION = ARXIV:1703.00670;%%"
}








@article{Kovchegov:1997pc,
      author         = "Kovchegov, Yuri V.",
      title          = "{Quantum structure of the nonAbelian Weizsacker-Williams
                        field for a very large nucleus}",
      journal        = "Phys. Rev.",
      volume         = "D55",
      year           = "1997",
      pages          = "5445-5455",
      doi            = "10.1103/PhysRevD.55.5445",
      eprint         = "hep-ph/9701229",
      archivePrefix  = "arXiv",
      primaryClass   = "hep-ph",
      reportNumber   = "CU-TP-807",
      SLACcitation   = "%%CITATION = HEP-PH/9701229;%%"
}



@article{Chirilli:2015tea,
      author         = "Chirilli, Giovanni A. and Kovchegov, Yuri V. and
                        Wertepny, Douglas E.",
      title          = "{Classical Gluon Production Amplitude for Nucleus-Nucleus
                        Collisions: First Saturation Correction in the
                        Projectile}",
      journal        = "JHEP",
      volume         = "03",
      year           = "2015",
      pages          = "015",
      doi            = "10.1007/JHEP03(2015)015",
      eprint         = "1501.03106",
      archivePrefix  = "arXiv",
      primaryClass   = "hep-ph",
      SLACcitation   = "%%CITATION = ARXIV:1501.03106;%%"
}


@article{Dumitru:2014vka,
      author         = "Dumitru, Adrian and Skokov, Vladimir",
      title          = "{Anisotropy of the semiclassical gluon field of a large
                        nucleus at high energy}",
      journal        = "Phys. Rev.",
      volume         = "D91",
      year           = "2015",
      number         = "7",
      pages          = "074006",
      doi            = "10.1103/PhysRevD.91.074006",
      eprint         = "1411.6630",
      archivePrefix  = "arXiv",
      primaryClass   = "hep-ph",
      SLACcitation   = "%%CITATION = ARXIV:1411.6630;%%"
}


@article{Lappi:2007ku,
      author         = "Lappi, T.",
      title          = "{Wilson line correlator in the MV model: Relating the
                        glasma to deep inelastic scattering}",
      journal        = "Eur. Phys. J.",
      volume         = "C55",
      year           = "2008",
      pages          = "285-292",
      doi            = "10.1140/epjc/s10052-008-0588-4",
      eprint         = "0711.3039",
      archivePrefix  = "arXiv",
      primaryClass   = "hep-ph",
      SLACcitation   = "%%CITATION = ARXIV:0711.3039;%%"
}


@article{Lappi:2009xa,
      author         = "Lappi, T. and Srednyak, S. and Venugopalan, R.",
      title          = "{Non-perturbative computation of double inclusive gluon
                        production in the Glasma}",
      journal        = "JHEP",
      volume         = "01",
      year           = "2010",
      pages          = "066",
      doi            = "10.1007/JHEP01(2010)066",
      eprint         = "0911.2068",
      archivePrefix  = "arXiv",
      primaryClass   = "hep-ph",
      SLACcitation   = "%%CITATION = ARXIV:0911.2068;%%"
}

@article{Chirilli:2015tea,
      author         = "Chirilli, Giovanni A. and Kovchegov, Yuri V. and
                        Wertepny, Douglas E.",
      title          = "{Classical Gluon Production Amplitude for Nucleus-Nucleus
                        Collisions: First Saturation Correction in the
                        Projectile}",
      journal        = "JHEP",
      volume         = "03",
      year           = "2015",
      pages          = "015",
      doi            = "10.1007/JHEP03(2015)015",
      eprint         = "1501.03106",
      archivePrefix  = "arXiv",
      primaryClass   = "hep-ph",
      SLACcitation   = "%%CITATION = ARXIV:1501.03106;%%"
}



@article{Mace:2016svc,
      author         = "Mace, M. and Schlichting, S. and Venugopalan, R.",
      title          = "{Off-equilibrium sphaleron transitions in the Glasma}",
      journal        = "Phys. Rev.",
      volume         = "D93",
      year           = "2016",
      number         = "7",
      pages          = "074036",
      doi            = "10.1103/PhysRevD.93.074036",
      eprint         = "1601.07342",
      archivePrefix  = "arXiv",
      primaryClass   = "hep-ph",
      SLACcitation   = "%%CITATION = ARXIV:1601.07342;%%"
}



%%% contains utf-8, see: https://inspirehep.net/info/faq/general#utf8
%%% add \usepackage[utf8]{inputenc} to your latex preamble

@article{Mace:2016shq,
      author         = "Mace, Mark and Mueller, Niklas and Schlichting, Sören
                        and Sharma, Sayantan",
      title          = "{Non-equilibrium study of the Chiral Magnetic Effect from
                        real-time simulations with dynamical fermions}",
      journal        = "Phys. Rev.",
      volume         = "D95",
      year           = "2017",
      number         = "3",
      pages          = "036023",
      doi            = "10.1103/PhysRevD.95.036023",
      eprint         = "1612.02477",
      archivePrefix  = "arXiv",
      primaryClass   = "hep-lat",
      reportNumber   = "INT-PUB-17-003",
      SLACcitation   = "%%CITATION = ARXIV:1612.02477;%%"
}


@article{Arnold:1987mh,
      author         = "Arnold, Peter Brockway and McLerran, Larry D.",
      title          = "{Sphalerons, Small Fluctuations and Baryon Number
                        Violation in Electroweak Theory}",
      journal        = "Phys. Rev.",
      volume         = "D36",
      year           = "1987",
      pages          = "581",
      doi            = "10.1103/PhysRevD.36.581",
      reportNumber   = "FERMILAB-PUB-87-034-T",
      SLACcitation   = "%%CITATION = PHRVA,D36,581;%%"
}


@article{Moore:2010jd,
      author         = "Moore, Guy D. and Tassler, Marcus",
      title          = "{The Sphaleron Rate in SU(N) Gauge Theory}",
      journal        = "JHEP",
      volume         = "02",
      year           = "2011",
      pages          = "105",
      doi            = "10.1007/JHEP02(2011)105",
      eprint         = "1011.1167",
      archivePrefix  = "arXiv",
      primaryClass   = "hep-ph",
      SLACcitation   = "%%CITATION = ARXIV:1011.1167;%%"
}


@article{Kharzeev:2007jp,
      author         = "Kharzeev, Dmitri E. and McLerran, Larry D. and Warringa,
                        Harmen J.",
      title          = "{The Effects of topological charge change in heavy ion
                        collisions: 'Event by event P and CP violation'}",
      journal        = "Nucl. Phys.",
      volume         = "A803",
      year           = "2008",
      pages          = "227-253",
      doi            = "10.1016/j.nuclphysa.2008.02.298",
      eprint         = "0711.0950",
      archivePrefix  = "arXiv",
      primaryClass   = "hep-ph",
      SLACcitation   = "%%CITATION = ARXIV:0711.0950;%%"
}


@article{Skokov:2009qp,
      author         = "Skokov, V. and Illarionov, A. {\relax Yu}. and Toneev,
                        V.",
      title          = "{Estimate of the magnetic field strength in heavy-ion
                        collisions}",
      journal        = "Int. J. Mod. Phys.",
      volume         = "A24",
      year           = "2009",
      pages          = "5925-5932",
      doi            = "10.1142/S0217751X09047570",
      eprint         = "0907.1396",
      archivePrefix  = "arXiv",
      primaryClass   = "nucl-th",
      SLACcitation   = "%%CITATION = ARXIV:0907.1396;%%"
}


@article{Bzdak:2011yy,
      author         = "Bzdak, Adam and Skokov, Vladimir",
      title          = "{Event-by-event fluctuations of magnetic and electric
                        fields in heavy ion collisions}",
      journal        = "Phys. Lett.",
      volume         = "B710",
      year           = "2012",
      pages          = "171-174",
      doi            = "10.1016/j.physletb.2012.02.065",
      eprint         = "1111.1949",
      archivePrefix  = "arXiv",
      primaryClass   = "hep-ph",
      reportNumber   = "BNL-96541-2011-JA, RBRC-927",
      SLACcitation   = "%%CITATION = ARXIV:1111.1949;%%"
}


@article{McLerran:2013hla,
      author         = "McLerran, L. and Skokov, V.",
      title          = "{Comments About the Electromagnetic Field in Heavy-Ion
                        Collisions}",
      journal        = "Nucl. Phys.",
      volume         = "A929",
      year           = "2014",
      pages          = "184-190",
      doi            = "10.1016/j.nuclphysa.2014.05.008",
      eprint         = "1305.0774",
      archivePrefix  = "arXiv",
      primaryClass   = "hep-ph",
      reportNumber   = "BNL-100762-2013-JA",
      SLACcitation   = "%%CITATION = ARXIV:1305.0774;%%"
}


@article{Voloshin:2004vk,
      author         = "Voloshin, Sergei A.",
      title          = "{Parity violation in hot QCD: How to detect it}",
      journal        = "Phys. Rev.",
      volume         = "C70",
      year           = "2004",
      pages          = "057901",
      doi            = "10.1103/PhysRevC.70.057901",
      eprint         = "hep-ph/0406311",
      archivePrefix  = "arXiv",
      primaryClass   = "hep-ph",
      SLACcitation   = "%%CITATION = HEP-PH/0406311;%%"
}


@article{Abelev:2009ac,
      author         = "Abelev, B. I. and others",
      title          = "{Azimuthal Charged-Particle Correlations and Possible
                        Local Strong Parity Violation}",
      collaboration  = "STAR",
      journal        = "Phys. Rev. Lett.",
      volume         = "103",
      year           = "2009",
      pages          = "251601",
      doi            = "10.1103/PhysRevLett.103.251601",
      eprint         = "0909.1739",
      archivePrefix  = "arXiv",
      primaryClass   = "nucl-ex",
      SLACcitation   = "%%CITATION = ARXIV:0909.1739;%%"
}


@article{Abelev:2009ad,
      author         = "Abelev, B. I. and others",
      title          = "{Observation of charge-dependent azimuthal correlations
                        and possible local strong parity violation in heavy ion
                        collisions}",
      collaboration  = "STAR",
      journal        = "Phys. Rev.",
      volume         = "C81",
      year           = "2010",
      pages          = "054908",
      doi            = "10.1103/PhysRevC.81.054908",
      eprint         = "0909.1717",
      archivePrefix  = "arXiv",
      primaryClass   = "nucl-ex",
      SLACcitation   = "%%CITATION = ARXIV:0909.1717;%%"
}



%%% contains utf-8, see: https://inspirehep.net/info/faq/general#utf8
%%% add \usepackage[utf8]{inputenc} to your latex preamble

@article{Kharzeev:2015znc,
      author         = "Kharzeev, D. E. and Liao, J. and Voloshin, S. A. and
                        Wang, G.",
      title          = "{Chiral magnetic and vortical effects in high-energy
                        nuclear collisions—A status report}",
      journal        = "Prog. Part. Nucl. Phys.",
      volume         = "88",
      year           = "2016",
      pages          = "1-28",
      doi            = "10.1016/j.ppnp.2016.01.001",
      eprint         = "1511.04050",
      archivePrefix  = "arXiv",
      primaryClass   = "hep-ph",
      SLACcitation   = "%%CITATION = ARXIV:1511.04050;%%"
}


@article{Skokov:2016yrj,
      author         = "Skokov, Vladimir and Sorensen, Paul and Koch, Volker and
                        Schlichting, Soeren and Thomas, Jim and Voloshin, Sergei
                        and Wang, Gang and Yee, Ho-Ung",
      title          = "{Chiral Magnetic Effect Task Force Report}",
      year           = "2016",
      eprint         = "1608.00982",
      archivePrefix  = "arXiv",
      primaryClass   = "nucl-th",
      SLACcitation   = "%%CITATION = ARXIV:1608.00982;%%"
}


@article{Schlichting:2010qia,
      author         = "Schlichting, Soren and Pratt, Scott",
      title          = "{Charge conservation at energies available at the BNL
                        Relativistic Heavy Ion Collider and contributions to local
                        parity violation observables}",
      journal        = "Phys. Rev.",
      volume         = "C83",
      year           = "2011",
      pages          = "014913",
      doi            = "10.1103/PhysRevC.83.014913",
      eprint         = "1009.4283",
      archivePrefix  = "arXiv",
      primaryClass   = "nucl-th",
      SLACcitation   = "%%CITATION = ARXIV:1009.4283;%%"
}


@article{Pratt:2010zn,
      author         = "Pratt, Scott and Schlichting, Soeren and Gavin, Sean",
      title          = "{Effects of Momentum Conservation and Flow on Angular
                        Correlations at RHIC}",
      journal        = "Phys. Rev.",
      volume         = "C84",
      year           = "2011",
      pages          = "024909",
      doi            = "10.1103/PhysRevC.84.024909",
      eprint         = "1011.6053",
      archivePrefix  = "arXiv",
      primaryClass   = "nucl-th",
      SLACcitation   = "%%CITATION = ARXIV:1011.6053;%%"
}


@article{Bzdak:2010fd,
      author         = "Bzdak, Adam and Koch, Volker and Liao, Jinfeng",
      title          = "{Azimuthal correlations from transverse momentum
                        conservation and possible local parity violation}",
      journal        = "Phys. Rev.",
      volume         = "C83",
      year           = "2011",
      pages          = "014905",
      doi            = "10.1103/PhysRevC.83.014905",
      eprint         = "1008.4919",
      archivePrefix  = "arXiv",
      primaryClass   = "nucl-th",
      SLACcitation   = "%%CITATION = ARXIV:1008.4919;%%"
}


@article{Bzdak:2012ia,
      author         = "Bzdak, Adam and Koch, Volker and Liao, Jinfeng",
      title          = "{Charge-Dependent Correlations in Relativistic Heavy Ion
                        Collisions and the Chiral Magnetic Effect}",
      journal        = "Lect. Notes Phys.",
      volume         = "871",
      year           = "2013",
      pages          = "503-536",
      doi            = "10.1007/978-3-642-37305-3_19",
      eprint         = "1207.7327",
      archivePrefix  = "arXiv",
      primaryClass   = "nucl-th",
      reportNumber   = "RBRC-964",
      SLACcitation   = "%%CITATION = ARXIV:1207.7327;%%"
}


@article{Khachatryan:2016got,
      author         = "Khachatryan, Vardan and others",
      title          = "{Observation of charge-dependent azimuthal correlations
                        in $p$-Pb collisions and its implication for the search
                        for the chiral magnetic effect}",
      collaboration  = "CMS",
      journal        = "Phys. Rev. Lett.",
      volume         = "118",
      year           = "2017",
      number         = "12",
      pages          = "122301",
      doi            = "10.1103/PhysRevLett.118.122301",
      eprint         = "1610.00263",
      archivePrefix  = "arXiv",
      primaryClass   = "nucl-ex",
      reportNumber   = "CMS-HIN-16-009, CERN-EP-2016-236",
      SLACcitation   = "%%CITATION = ARXIV:1610.00263;%%"
}


@inproceedings{Tribedy:2017hwn,
      author         = "Tribedy, Prithwish",
      title          = "{Disentangling flow and signals of Chiral Magnetic Effect
                        in U+U, Au+Au and p+Au collisions}",
      booktitle      = "{26th International Conference on Ultrarelativistic
                        Nucleus-Nucleus Collisions (Quark Matter 2017)
                        Chicago,Illinois, USA, February 6-11, 2017}",
      collaboration  = "STAR",
      url            = "https://inspirehep.net/record/1591348/files/arXiv:1704.03845.pdf",
      year           = "2017",
      eprint         = "1704.03845",
      archivePrefix  = "arXiv",
      primaryClass   = "nucl-ex",
      SLACcitation   = "%%CITATION = ARXIV:1704.03845;%%"
}


@article{Dumitru:2010iy,
      author         = "Dumitru, Adrian and Dusling, Kevin and Gelis, Francois
                        and Jalilian-Marian, Jamal and Lappi, Tuomas and
                        Venugopalan, Raju",
      title          = "{The Ridge in proton-proton collisions at the LHC}",
      journal        = "Phys. Lett.",
      volume         = "B697",
      year           = "2011",
      pages          = "21-25",
      doi            = "10.1016/j.physletb.2011.01.024",
      eprint         = "1009.5295",
      archivePrefix  = "arXiv",
      primaryClass   = "hep-ph",
      reportNumber   = "INT-PUB-10-051, BCCUNY-HEP-10-03, BNL-94103-2010-JA,
                        RBRC-858",
      SLACcitation   = "%%CITATION = ARXIV:1009.5295;%%"
}


@article{Kovner:2010xk,
      author         = "Kovner, Alex and Lublinsky, Michael",
      title          = "{Angular Correlations in Gluon Production at High
                        Energy}",
      journal        = "Phys. Rev.",
      volume         = "D83",
      year           = "2011",
      pages          = "034017",
      doi            = "10.1103/PhysRevD.83.034017",
      eprint         = "1012.3398",
      archivePrefix  = "arXiv",
      primaryClass   = "hep-ph",
      SLACcitation   = "%%CITATION = ARXIV:1012.3398;%%"
}


@article{Kovner:2012jm,
      author         = "Kovner, Alex and Lublinsky, Michael",
      title          = "{Angular and long range rapidity correlations in particle
                        production at high energy}",
      journal        = "Int. J. Mod. Phys.",
      volume         = "E22",
      year           = "2013",
      pages          = "1330001",
      doi            = "10.1142/S0218301313300014",
      eprint         = "1211.1928",
      archivePrefix  = "arXiv",
      primaryClass   = "hep-ph",
      SLACcitation   = "%%CITATION = ARXIV:1211.1928;%%"
}


@article{Kovchegov:2012nd,
      author         = "Kovchegov, Yuri V. and Wertepny, Douglas E.",
      title          = "{Long-Range Rapidity Correlations in Heavy-Light Ion
                        Collisions}",
      journal        = "Nucl. Phys.",
      volume         = "A906",
      year           = "2013",
      pages          = "50-83",
      doi            = "10.1016/j.nuclphysa.2013.03.006",
      eprint         = "1212.1195",
      archivePrefix  = "arXiv",
      primaryClass   = "hep-ph",
      SLACcitation   = "%%CITATION = ARXIV:1212.1195;%%"
}


@article{Dusling:2012iga,
      author         = "Dusling, Kevin and Venugopalan, Raju",
      title          = "{Azimuthal collimation of long range rapidity
                        correlations by strong color fields in high multiplicity
                        hadron-hadron collisions}",
      journal        = "Phys. Rev. Lett.",
      volume         = "108",
      year           = "2012",
      pages          = "262001",
      doi            = "10.1103/PhysRevLett.108.262001",
      eprint         = "1201.2658",
      archivePrefix  = "arXiv",
      primaryClass   = "hep-ph",
      SLACcitation   = "%%CITATION = ARXIV:1201.2658;%%"
}


@article{Dusling:2013qoz,
      author         = "Dusling, Kevin and Venugopalan, Raju",
      title          = "{Comparison of the color glass condensate to dihadron
                        correlations in proton-proton and proton-nucleus
                        collisions}",
      journal        = "Phys. Rev.",
      volume         = "D87",
      year           = "2013",
      number         = "9",
      pages          = "094034",
      doi            = "10.1103/PhysRevD.87.094034",
      eprint         = "1302.7018",
      archivePrefix  = "arXiv",
      primaryClass   = "hep-ph",
      SLACcitation   = "%%CITATION = ARXIV:1302.7018;%%"
}



%%% contains utf-8, see: https://inspirehep.net/info/faq/general#utf8
%%% add \usepackage[utf8]{inputenc} to your latex preamble

@article{Dumitru:2014yza,
      author         = "Dumitru, Adrian and McLerran, Larry and Skokov, Vladimir",
      title          = "{Azimuthal asymmetries and the emergence of
                        “collectivity” from multi-particle correlations in
                        high-energy pA collisions}",
      journal        = "Phys. Lett.",
      volume         = "B743",
      year           = "2015",
      pages          = "134-137",
      doi            = "10.1016/j.physletb.2015.02.046",
      eprint         = "1410.4844",
      archivePrefix  = "arXiv",
      primaryClass   = "hep-ph",
      SLACcitation   = "%%CITATION = ARXIV:1410.4844;%%"
}


@article{Skokov:2014tka,
      author         = "Skokov, Vladimir",
      title          = "{High order cumulants of the azimuthal anisotropy in the
                        dilute-dense limit: Connected graphs}",
      journal        = "Phys. Rev.",
      volume         = "D91",
      year           = "2015",
      number         = "5",
      pages          = "054014",
      doi            = "10.1103/PhysRevD.91.054014",
      eprint         = "1412.5191",
      archivePrefix  = "arXiv",
      primaryClass   = "hep-ph",
      SLACcitation   = "%%CITATION = ARXIV:1412.5191;%%"
}


@article{McLerran:2016snu,
      author         = "McLerran, Larry and Skokov, Vladimir",
      title          = "{Odd Azimuthal Anisotropy of the Glasma for pA
                        Scattering}",
      journal        = "Nucl. Phys.",
      volume         = "A959",
      year           = "2017",
      pages          = "83-101",
      doi            = "10.1016/j.nuclphysa.2016.12.011",
      eprint         = "1611.09870",
      archivePrefix  = "arXiv",
      primaryClass   = "hep-ph",
      reportNumber   = "INT-PUB-16-037",
      SLACcitation   = "%%CITATION = ARXIV:1611.09870;%%"
}


@article{Lappi:2015vha,
      author         = "Lappi, T.",
      title          = "{Azimuthal harmonics of color fields in a high energy
                        nucleus}",
      journal        = "Phys. Lett.",
      volume         = "B744",
      year           = "2015",
      pages          = "315-319",
      doi            = "10.1016/j.physletb.2015.04.015",
      eprint         = "1501.05505",
      archivePrefix  = "arXiv",
      primaryClass   = "hep-ph",
      SLACcitation   = "%%CITATION = ARXIV:1501.05505;%%"
}



%%% contains utf-8, see: https://inspirehep.net/info/faq/general#utf8
%%% add \usepackage[utf8]{inputenc} to your latex preamble

@article{Schenke:2015aqa,
      author         = "Schenke, Bj\"orn and Schlichting, S\"oren and Venugopalan,
                        Raju",
      title          = "{Azimuthal anisotropies in p$+$Pb collisions fro}",
      journal        = "Phys. Lett.",
      volume         = "B747",
      year           = "2015",
      pages          = "76-82",
      doi            = "10.1016/j.physletb.2015.05.051",
      eprint         = "1502.01331",
      archivePrefix  = "arXiv",
      primaryClass   = "hep-ph",
      SLACcitation   = "%%CITATION = ARXIV:1502.01331;%%"
}


@article{Dumitru:2015cfa,
      author         = "Dumitru, Adrian and Giannini, Andre V. and Skokov,
                        Vladimir",
      title          = "{Anisotropic particle production and azimuthal
                        correlations in high-energy pA collisions}",
      year           = "2015",
      eprint         = "1503.03897",
      archivePrefix  = "arXiv",
      primaryClass   = "hep-ph",
      SLACcitation   = "%%CITATION = ARXIV:1503.03897;%%"
}



%%% contains utf-8, see: https://inspirehep.net/info/faq/general#utf8
%%% add \usepackage[utf8]{inputenc} to your latex preamble

@article{Altinoluk:2015uaa,
      author         = "Altinoluk, Tolga and Armesto, Néstor and Beuf, Guillaume
                        and Kovner, Alex and Lublinsky, Michael",
      title          = "{Bose enhancement and the ridge}",
      journal        = "Phys. Lett.",
      volume         = "B751",
      year           = "2015",
      pages          = "448-452",
      doi            = "10.1016/j.physletb.2015.10.072",
      eprint         = "1503.07126",
      archivePrefix  = "arXiv",
      primaryClass   = "hep-ph",
      SLACcitation   = "%%CITATION = ARXIV:1503.07126;%%"
}


@article{Lappi:2015vta,
      author         = "Lappi, T. and Schenke, B. and Schlichting, S. and
                        Venugopalan, R.",
      title          = "{Tracing the origin of azimuthal gluon correlations in
                        the color glass condensate}",
      journal        = "JHEP",
      volume         = "01",
      year           = "2016",
      pages          = "061",
      doi            = "10.1007/JHEP01(2016)061",
      eprint         = "1509.03499",
      archivePrefix  = "arXiv",
      primaryClass   = "hep-ph",
      SLACcitation   = "%%CITATION = ARXIV:1509.03499;%%"
}


@article{McLerran:2015sva,
      author         = "McLerran, Larry and Skokov, Vladimir",
      title          = "{Finite Numbers of Sources, Particle Correlations and the
                        Color Glass Condensate}",
      journal        = "Nucl. Phys.",
      volume         = "A947",
      year           = "2016",
      pages          = "142-154",
      doi            = "10.1016/j.nuclphysa.2015.12.005",
      eprint         = "1510.08072",
      archivePrefix  = "arXiv",
      primaryClass   = "hep-ph",
      SLACcitation   = "%%CITATION = ARXIV:1510.08072;%%"
}



%%% contains utf-8, see: https://inspirehep.net/info/faq/general#utf8
%%% add \usepackage[utf8]{inputenc} to your latex preamble

@article{Schlichting:2016sqo,
      author         = "Schlichting, Sören and Tribedy, Prithwish",
      title          = "{Collectivity in Small Collision Systems: An
                        Initial-State Perspective}",
      journal        = "Adv. High Energy Phys.",
      volume         = "2016",
      year           = "2016",
      pages          = "8460349",
      doi            = "10.1155/2016/8460349",
      eprint         = "1611.00329",
      archivePrefix  = "arXiv",
      primaryClass   = "hep-ph",
      SLACcitation   = "%%CITATION = ARXIV:1611.00329;%%"
}


@article{Dusling:2017dqg,
      author         = "Dusling, Kevin and Mace, Mark and Venugopalan, Raju",
      title          = "{Multiparticle collectivity from initial state
                        correlations in high energy proton-nucleus collisions}",
      year           = "2017",
      eprint         = "1705.00745",
      archivePrefix  = "arXiv",
      primaryClass   = "hep-ph",
      SLACcitation   = "%%CITATION = ARXIV:1705.00745;%%"
}


@article{Altinoluk:2016vax,
      author         = "Altinoluk, Tolga and Armesto, Nestor and Beuf, Guillaume
                        and Kovner, Alex and Lublinsky, Michael",
      title          = "{Quark correlations in the Color Glass Condensate: Pauli
                        blocking and the ridge}",
      journal        = "Phys. Rev.",
      volume         = "D95",
      year           = "2017",
      number         = "3",
      pages          = "034025",
      doi            = "10.1103/PhysRevD.95.034025",
      eprint         = "1610.03020",
      archivePrefix  = "arXiv",
      primaryClass   = "hep-ph",
      SLACcitation   = "%%CITATION = ARXIV:1610.03020;%%"
}


@article{Kogut:1969xa,
      author         = "Kogut, John B. and Soper, Davison E.",
      title          = "{Quantum Electrodynamics in the Infinite Momentum Frame}",
      journal        = "Phys. Rev.",
      volume         = "D1",
      year           = "1970",
      pages          = "2901-2913",
      doi            = "10.1103/PhysRevD.1.2901",
      reportNumber   = "SLAC-PUB-0680",
      SLACcitation   = "%%CITATION = PHRVA,D1,2901;%%"
}


@article{Bjorken:1970ah,
      author         = "Bjorken, J. D. and Kogut, John B. and Soper, Davison E.",
      title          = "{Quantum Electrodynamics at Infinite Momentum: Scattering
                        from an External Field}",
      journal        = "Phys. Rev.",
      volume         = "D3",
      year           = "1971",
      pages          = "1382",
      doi            = "10.1103/PhysRevD.3.1382",
      reportNumber   = "SLAC-PUB-0819",
      SLACcitation   = "%%CITATION = PHRVA,D3,1382;%%"
}


@article{Brodsky:1997de,
      author         = "Brodsky, Stanley J. and Pauli, Hans-Christian and Pinsky,
                        Stephen S.",
      title          = "{Quantum chromodynamics and other field theories on the
                        light cone}",
      journal        = "Phys. Rept.",
      volume         = "301",
      year           = "1998",
      pages          = "299-486",
      doi            = "10.1016/S0370-1573(97)00089-6",
      eprint         = "hep-ph/9705477",
      archivePrefix  = "arXiv",
      primaryClass   = "hep-ph",
      reportNumber   = "SLAC-PUB-7484, MPIH-V1-1997",
      SLACcitation   = "%%CITATION = HEP-PH/9705477;%%"
}


@article{Kovner:2016jfp,
      author         = "Kovner, Alex and Lublinsky, Michael and Skokov, Vladimir",
      title          = "{Exploring correlations in the CGC wave function: odd
                        azimuthal anisotropy}",
      year           = "2016",
      eprint         = "1612.07790",
      archivePrefix  = "arXiv",
      primaryClass   = "hep-ph",
      reportNumber   = "RBRC-1223",
      SLACcitation   = "%%CITATION = ARXIV:1612.07790;%%"
}


@book{Greiner:1998jw,
      author         = "Greiner, W.",
      title          = "{Quantum mechanics: Special chapters}",
      journal        = "Berlin, Germany: Springer (1998) 378 p",
      year           = "1998",
      SLACcitation   = "%%CITATION = INSPIRE-488043;%%"
}


@article{McLerran:1993ni,
      author         = "McLerran, Larry D. and Venugopalan, Raju",
      title          = "{Computing quark and gluon distribution functions for
                        very large nuclei}",
      journal        = "Phys. Rev.",
      volume         = "D49",
      year           = "1994",
      pages          = "2233-2241",
      doi            = "10.1103/PhysRevD.49.2233",
      eprint         = "hep-ph/9309289",
      archivePrefix  = "arXiv",
      primaryClass   = "hep-ph",
      reportNumber   = "TPI-MINN-93-44-T, NUC-MINN-93-24-T, HEP-UMN-TH-1220-93",
      SLACcitation   = "%%CITATION = HEP-PH/9309289;%%"
}


@article{McLerran:1993ka,
      author         = "McLerran, Larry D. and Venugopalan, Raju",
      title          = "{Gluon distribution functions for very large nuclei at
                        small transverse momentum}",
      journal        = "Phys. Rev.",
      volume         = "D49",
      year           = "1994",
      pages          = "3352-3355",
      doi            = "10.1103/PhysRevD.49.3352",
      eprint         = "hep-ph/9311205",
      archivePrefix  = "arXiv",
      primaryClass   = "hep-ph",
      reportNumber   = "TPI-MINN-93-52-T, NUC-MINN-93-28-T, UMN-TH-1224-93",
      SLACcitation   = "%%CITATION = HEP-PH/9311205;%%"
}


@article{Jeon:2005cf,
      author         = "Jeon, Sangyong and Venugopalan, Raju",
      title          = "{A Classical Odderon in QCD at high energies}",
      journal        = "Phys. Rev.",
      volume         = "D71",
      year           = "2005",
      pages          = "125003",
      doi            = "10.1103/PhysRevD.71.125003",
      eprint         = "hep-ph/0503219",
      archivePrefix  = "arXiv",
      primaryClass   = "hep-ph",
      SLACcitation   = "%%CITATION = HEP-PH/0503219;%%"
}


@article{Adamczyk:2017byf,
      author         = "Adamczyk, L. and others",
      title          = "{Constraining the initial conditions and temperature
                        dependent transport with three-particle correlations in
                        Au+Au collisions}",
      collaboration  = "STAR",
      year           = "2017",
      eprint         = "1701.06497",
      archivePrefix  = "arXiv",
      primaryClass   = "nucl-ex",
      SLACcitation   = "%%CITATION = ARXIV:1701.06497;%%"
}


@article{Lublinsky:2016meo,
      author         = "Lublinsky, Michael and Mulian, Yair",
      title          = "{High Energy QCD at NLO: from light-cone wave function to
                        JIMWLK evolution}",
      journal        = "JHEP",
      volume         = "05",
      year           = "2017",
      pages          = "097",
      doi            = "10.1007/JHEP05(2017)097",
      eprint         = "1610.03453",
      archivePrefix  = "arXiv",
      primaryClass   = "hep-ph",
      SLACcitation   = "%%CITATION = ARXIV:1610.03453;%%"
}


@article{Hirono:2014oda,
      author         = "Hirono, Yuji and Hirano, Tetsufumi and Kharzeev, Dmitri
                        E.",
      title          = "{The chiral magnetic effect in heavy-ion collisions from
                        event-by-event anomalous hydrodynamics}",
      year           = "2014",
      eprint         = "1412.0311",
      archivePrefix  = "arXiv",
      primaryClass   = "hep-ph",
      SLACcitation   = "%%CITATION = ARXIV:1412.0311;%%"
}


@article{Dusling:2017dqg,
      author         = "Dusling, Kevin and Mace, Mark and Venugopalan, Raju",
      title          = "{Multiparticle collectivity from initial state
                        correlations in high energy proton-nucleus collisions}",
      year           = "2017",
      eprint         = "1705.00745",
      archivePrefix  = "arXiv",
      primaryClass   = "hep-ph",
      SLACcitation   = "%%CITATION = ARXIV:1705.00745;%%"
}


@article{Gotsman:2017zoq,
      author         = "Gotsman, E. and Levin, E.",
      title          = "{Bose-Einstein correlations in perturbative QCD: $v_n$
                        dependence on multiplicity}",
      year           = "2017",
      eprint         = "1705.07406",
      archivePrefix  = "arXiv",
      primaryClass   = "hep-ph",
      reportNumber   = "TAUP-3017-17",
      SLACcitation   = "%%CITATION = ARXIV:1705.07406;%%"
}

%%%%%%%%%%%%%%%%%%%%%%%%%%%%%%%%%%%%%%%%%%%%%

@article{Kovchegov:1997ke,
      author         = "Kovchegov, Yuri V. and Rischke, Dirk H.",
      title          = "{Classical gluon radiation in ultrarelativistic
                        nucleus-nucleus collisions}",
      journal        = "Phys. Rev.",
      volume         = "C56",
      year           = "1997",
      pages          = "1084-1094",
      doi            = "10.1103/PhysRevC.56.1084",
      eprint         = "hep-ph/9704201",
      archivePrefix  = "arXiv",
      primaryClass   = "hep-ph",
      reportNumber   = "CU-TP-824, DU-TH-141",
      SLACcitation   = "%%CITATION = HEP-PH/9704201;%%"
}

@article{Wu:2017rry,
      author         = "Wu, Bin and Kovchegov, Yuri V.",
      title          = "{Time-Dependent Observables in Heavy Ion Collisions I:
                        Setting up the Formalism}",
      year           = "2017",
      eprint         = "1709.02866",
      archivePrefix  = "arXiv",
      primaryClass   = "hep-ph",
      SLACcitation   = "%%CITATION = ARXIV:1709.02866;%%"
}

@article{Kovchegov:2017way,
      author         = "Kovchegov, Yuri V. and Wu, Bin",
      title          = "{Time-Dependent Observables in Heavy Ion Collisions II:
                        in Search of Pressure Isotropization in the $\varphi^4$
                        Theory}",
      year           = "2017",
      eprint         = "1709.02868",
      archivePrefix  = "arXiv",
      primaryClass   = "hep-ph",
      SLACcitation   = "%%CITATION = ARXIV:1709.02868;%%"
}

@article{Kovchegov:2005ss,
      author         = "Kovchegov, Yuri V.",
      title          = "{Can thermalization in heavy ion collisions be described
                        by QCD diagrams?}",
      journal        = "Nucl. Phys.",
      volume         = "A762",
      year           = "2005",
      pages          = "298-325",
      doi            = "10.1016/j.nuclphysa.2005.08.009",
      eprint         = "hep-ph/0503038",
      archivePrefix  = "arXiv",
      primaryClass   = "hep-ph",
      SLACcitation   = "%%CITATION = HEP-PH/0503038;%%"
}

@article{JalilianMarian:2004da,
      author         = "Jalilian-Marian, Jamal and Kovchegov, Yuri V.",
      title          = "{Inclusive two-gluon and valence quark-gluon production
                        in DIS and pA}",
      journal        = "Phys. Rev.",
      volume         = "D70",
      year           = "2004",
      pages          = "114017",
      doi            = "10.1103/PhysRevD.71.079901, 10.1103/PhysRevD.70.114017",
      note           = "[Erratum: Phys. Rev.D71,079901(2005)]",
      eprint         = "hep-ph/0405266",
      archivePrefix  = "arXiv",
      primaryClass   = "hep-ph",
      reportNumber   = "NT-UW-04-013, INT-PUB-04-15, NT@UW-04-013",
      SLACcitation   = "%%CITATION = HEP-PH/0405266;%%"
}

@article{JalilianMarian:2005jf,
      author         = "Jalilian-Marian, Jamal and Kovchegov, Yuri V.",
      title          = "{Saturation physics and deuteron-Gold collisions at
                        RHIC}",
      journal        = "Prog. Part. Nucl. Phys.",
      volume         = "56",
      year           = "2006",
      pages          = "104-231",
      doi            = "10.1016/j.ppnp.2005.07.002",
      eprint         = "hep-ph/0505052",
      archivePrefix  = "arXiv",
      primaryClass   = "hep-ph",
      reportNumber   = "INT-PUB-05-15",
      SLACcitation   = "%%CITATION = HEP-PH/0505052;%%"
}

@article{Kovchegov:1998bi,
      author         = "Kovchegov, Yuri V. and Mueller, Alfred H.",
      title          = "{Gluon production in current nucleus and nucleon -
                        nucleus collisions in a quasiclassical approximation}",
      journal        = "Nucl. Phys.",
      volume         = "B529",
      year           = "1998",
      pages          = "451-479",
      doi            = "10.1016/S0550-3213(98)00384-8",
      eprint         = "hep-ph/9802440",
      archivePrefix  = "arXiv",
      primaryClass   = "hep-ph",
      reportNumber   = "CU-TP-876",
      SLACcitation   = "%%CITATION = HEP-PH/9802440;%%"
}


@article{Kovchegov:2013ewa,
      author         = "Kovchegov, Yuri V. and Wertepny, Douglas E.",
      title          = "{Two-Gluon Correlations in Heavy-Light Ion Collisions:
                        Energy and Geometry Dependence, IR Divergences, and
                        $k_T$-Factorization}",
      journal        = "Nucl. Phys.",
      volume         = "A925",
      year           = "2014",
      pages          = "254-295",
      doi            = "10.1016/j.nuclphysa.2014.02.021",
      eprint         = "1310.6701",
      archivePrefix  = "arXiv",
      primaryClass   = "hep-ph",
      SLACcitation   = "%%CITATION = ARXIV:1310.6701;%%"
}

@article{Kovchegov:1999ep,
      author         = "Kovchegov, Yuri V. and Levin, Eugene and McLerran, Larry
                        D.",
      title          = "{Large scale rapidity correlations in heavy ion
                        collisions}",
      journal        = "Phys. Rev.",
      volume         = "C63",
      year           = "2001",
      pages          = "024903",
      doi            = "10.1103/PhysRevC.63.024903",
      eprint         = "hep-ph/9912367",
      archivePrefix  = "arXiv",
      primaryClass   = "hep-ph",
      reportNumber   = "BNL-NT-99-7, TAUP-2613-99",
      SLACcitation   = "%%CITATION = HEP-PH/9912367;%%"
}

@article{Grigoryan:2010pz,
      author         = "Grigoryan, Hovhannes R. and Kovchegov, Yuri V.",
      title          = "{Long-Range Rapidity Correlations in Heavy Ion Collisions
                        at Strong Coupling from AdS/CFT}",
      journal        = "JHEP",
      volume         = "04",
      year           = "2011",
      pages          = "010",
      doi            = "10.1007/JHEP04(2011)010",
      eprint         = "1012.5431",
      archivePrefix  = "arXiv",
      primaryClass   = "hep-th",
      SLACcitation   = "%%CITATION = ARXIV:1012.5431;%%"
}

@article{GolecBiernat:1999qd,
      author         = "Golec-Biernat, Krzysztof J. and Wusthoff, M.",
      title          = "{Saturation in diffractive deep inelastic scattering}",
      journal        = "Phys. Rev.",
      volume         = "D60",
      year           = "1999",
      pages          = "114023",
      doi            = "10.1103/PhysRevD.60.114023",
      eprint         = "hep-ph/9903358",
      archivePrefix  = "arXiv",
      primaryClass   = "hep-ph",
      reportNumber   = "DTP-99-20",
      SLACcitation   = "%%CITATION = HEP-PH/9903358;%%"
}

@article{GolecBiernat:1998js,
      author         = "Golec-Biernat, Krzysztof J. and Wusthoff, M.",
      title          = "{Saturation effects in deep inelastic scattering at low
                        Q**2 and its implications on diffraction}",
      journal        = "Phys. Rev.",
      volume         = "D59",
      year           = "1998",
      pages          = "014017",
      doi            = "10.1103/PhysRevD.59.014017",
      eprint         = "hep-ph/9807513",
      archivePrefix  = "arXiv",
      primaryClass   = "hep-ph",
      reportNumber   = "DTP-98-50",
      SLACcitation   = "%%CITATION = HEP-PH/9807513;%%"
}

@article{Airapetian:2004tw,
      author         = "Airapetian, A. and others",
      title          = "{Single-spin asymmetries in semi-inclusive deep-inelastic
                        scattering on a transversely polarized hydrogen target}",
      collaboration  = "HERMES",
      journal        = "Phys. Rev. Lett.",
      volume         = "94",
      year           = "2005",
      pages          = "012002",
      doi            = "10.1103/PhysRevLett.94.012002",
      eprint         = "hep-ex/0408013",
      archivePrefix  = "arXiv",
      primaryClass   = "hep-ex",
      reportNumber   = "DESY-04-141",
      SLACcitation   = "%%CITATION = HEP-EX/0408013;%%"
}

@article{Bradamante:2011xu,
      author         = "Bradamante, F.",
      title          = "{New COMPASS results on Collins and Sivers asymmetries}",
      booktitle      = "{Transversity 2011: 3rd International Workshop on
                        Transverse Polarization Phenomena in Hard Scattering Veli
                        Lozinj, Croatia, August 29-September 2, 2011}",
      collaboration  = "COMPASS",
      journal        = "Nuovo Cim.",
      volume         = "C035N2",
      year           = "2012",
      pages          = "107-114",
      doi            = "10.1393/ncc/i2012-11172-2",
      eprint         = "1111.0869",
      archivePrefix  = "arXiv",
      primaryClass   = "hep-ex",
      SLACcitation   = "%%CITATION = ARXIV:1111.0869;%%"
}

@article{Alekseev:2010rw,
      author         = "Alekseev, M. G. and others",
      title          = "{Measurement of the Collins and Sivers asymmetries on
                        transversely polarised protons}",
      collaboration  = "COMPASS",
      journal        = "Phys. Lett.",
      volume         = "B692",
      year           = "2010",
      pages          = "240-246",
      doi            = "10.1016/j.physletb.2010.08.001",
      eprint         = "1005.5609",
      archivePrefix  = "arXiv",
      primaryClass   = "hep-ex",
      reportNumber   = "CERN-PH-EP-2010-013",
      SLACcitation   = "%%CITATION = ARXIV:1005.5609;%%"
}

@article{Bradamante:2009zz,
      author         = "Bradamante, Franco",
      title          = "{Transverse spin and transverse momentum effects at
                        COMPASS}",
      booktitle      = "{Recent advances in perturbative QCD and hadronic
                        physics. Proceedings, Conference in honor of Prof. Anatoly
                        Efremov's 75th birthday, Trento, Italy, July 20-25, 2009}",
      journal        = "Mod. Phys. Lett.",
      volume         = "A24",
      year           = "2009",
      pages          = "3015-3024",
      doi            = "10.1142/S0217732309001224",
      SLACcitation   = "%%CITATION = MPLAE,A24,3015;%%"
}


@article{Adolph:2012sp,
      author         = "Adolph, C. and others",
      title          = "{II � Experimental investigation of transverse spin
                        asymmetries in ? -p SIDIS processes: Sivers asymmetries}",
      collaboration  = "COMPASS",
      journal        = "Phys. Lett.",
      volume         = "B717",
      year           = "2012",
      pages          = "383-389",
      doi            = "10.1016/j.physletb.2012.09.056",
      eprint         = "1205.5122",
      archivePrefix  = "arXiv",
      primaryClass   = "hep-ex",
      reportNumber   = "CERN-PH-EP-2012-147",
      SLACcitation   = "%%CITATION = ARXIV:1205.5122;%%"
}


@article{Avakian:2010ae,
      author         = "Avakian, H. and others",
      title          = "{Measurement of Single and Double Spin Asymmetries in
                        Deep Inelastic Pion Electroproduction with a
                        Longitudinally Polarized Target}",
      collaboration  = "CLAS",
      journal        = "Phys. Rev. Lett.",
      volume         = "105",
      year           = "2010",
      pages          = "262002",
      doi            = "10.1103/PhysRevLett.105.262002",
      eprint         = "1003.4549",
      archivePrefix  = "arXiv",
      primaryClass   = "hep-ex",
      reportNumber   = "JLAB-PHY-10-1157",
      SLACcitation   = "%%CITATION = ARXIV:1003.4549;%%"
}

@article{Gao:2010av,
      author         = "Gao, H. and others",
      title          = "{Transverse Spin Structure of the Nucleon through Target
                        Single Spin Asymmetry in Semi-Inclusive Deep-Inelastic
                        $(e,e^\prime \pi^\pm)$ Reaction at Jefferson Lab}",
      journal        = "Eur. Phys. J. Plus",
      volume         = "126",
      year           = "2011",
      pages          = "2",
      doi            = "10.1140/epjp/i2011-11002-4",
      eprint         = "1009.3803",
      archivePrefix  = "arXiv",
      primaryClass   = "hep-ph",
      reportNumber   = "JLAB-PHY-10-1278",
      SLACcitation   = "%%CITATION = ARXIV:1009.3803;%%"
}



